@online{pfml-periodic-functions,
    title = {A Problem About Periodic Functions},
    note = {Project Fermat Mailing List},
    url = {https://groups.google.com/d/msg/projectfermat/WNOVWmCj-gg/lz3ZyyjNFAAJ},
    date = {2019-01-19}
}

@online{radcliffe-periodic-functions,
    author = {David Radcliffe},
    title = {Sum of periodic functions},
    url = {https://mathblag.wordpress.com/2013/09/01/sums-of-periodic-functions/},
    date = {2013-09-01}
}

@online{youcis-dim-r-q,
    author = {Alex Youcis},
    title = {The Dimension of R over Q},
    url = {https://drexel28.wordpress.com/2010/10/22/the-dimension-of-r-over-q/},
    date = {2010-10-22}
}
